<collection xmlns="http://www.loc.gov/MARC21/slim">
<record>
  <leader>06984nam0a2201117 i 450 </leader>
  <controlfield tag="001">IT\ICCU\CNCE\022709</controlfield>
  <controlfield tag="005">20100215000000.0</controlfield>
  <datafield tag="012" ind1=" " ind2=" ">
    <subfield code="a">osa, t)ra i-:&amp; idsu (3) 1549 (R)</subfield>
    <subfield code="2">fei</subfield>
  </datafield>
  <datafield tag="100" ind1=" " ind2=" ">
    <subfield code="a">19970101d1549        0itac0103    ba</subfield>
  </datafield>
  <datafield tag="101" ind1=" " ind2=" ">
    <subfield code="a">LAT</subfield>
  </datafield>
  <datafield tag="102" ind1=" " ind2=" ">
    <subfield code="a">IT</subfield>
  </datafield>
  <datafield tag="200" ind1="1" ind2=" ">
    <subfield code="a">℗Q. Horatii Flacci poetae Venusini ℗Omnia poemata cum ratione carminum, et Argumentis vbique insertis, interpretibus Acrone, Porphyrione, Iano Parrhasio, Antonio Mancinello, necnon Iodoco Badio Ascensio, viris eruditissimis. Scholiisque D. Erasmi Roterodami, Angeli Politiani, M. Antonii Sabellici, Ludouici Caelii Rodigini ... Nicolai Perotti Sipontini libellus de Metris odarum, auctoris vita ex Petro Crinito Florentino ...</subfield>
  </datafield>
  <datafield tag="210" ind1=" " ind2=" ">
    <subfield code="a">Venetiis</subfield>
    <subfield code="c">\eredi e soci di Pietro Ravani!</subfield>
    <subfield code="d">1549</subfield>
    <subfield code="e">Venetiis</subfield>
    <subfield code="g">apud haeredes Petri Rauani &amp; socios</subfield>
    <subfield code="h">1549</subfield>
  </datafield>
  <datafield tag="215" ind1=" " ind2=" ">
    <subfield code="a">\8!, 489, \3! p.</subfield>
    <subfield code="d">fol</subfield>
  </datafield>
  <datafield tag="620" ind1=" " ind2=" ">
    <subfield code="a">IT</subfield>
    <subfield code="d">Venezia</subfield>
  </datafield>
  <datafield tag="700" ind1=" " ind2="1">
    <subfield code="a">Horatius Flaccus,</subfield>
    <subfield code="b">Quintus</subfield>
    <subfield code="3">IT\ICCU\CNCA\001212</subfield>
  </datafield>
  <datafield tag="702" ind1=" " ind2="1">
    <subfield code="a">Parrasio,</subfield>
    <subfield code="b">Aulo Giano</subfield>
    <subfield code="3">IT\ICCU\CNCA\003080</subfield>
  </datafield>
  <datafield tag="702" ind1=" " ind2="1">
    <subfield code="a">Crinito,</subfield>
    <subfield code="b">Pietro</subfield>
    <subfield code="3">IT\ICCU\CNCA\003576</subfield>
  </datafield>
  <datafield tag="702" ind1=" " ind2="1">
    <subfield code="a">Perotto,</subfield>
    <subfield code="b"></subfield>
    <subfield code="3">IT\ICCU\CNCA\004375</subfield>
  </datafield>
  <datafield tag="702" ind1=" " ind2="1">
    <subfield code="a">Porphyrio,</subfield>
    <subfield code="b">Pomponius</subfield>
    <subfield code="3">IT\ICCU\CNCA\006423</subfield>
  </datafield>
  <datafield tag="702" ind1=" " ind2="1">
    <subfield code="a">Acron,</subfield>
    <subfield code="b">Helenius</subfield>
    <subfield code="3">IT\ICCU\CNCA\006424</subfield>
  </datafield>
  <datafield tag="702" ind1=" " ind2="1">
    <subfield code="a">Ricchieri,</subfield>
    <subfield code="b">Lodovico</subfield>
    <subfield code="3">IT\ICCU\CNCA\013437</subfield>
  </datafield>
  <datafield tag="702" ind1=" " ind2="0">
    <subfield code="a">Erasmus</subfield>
    <subfield code="c"> : Roterodamus</subfield>
    <subfield code="3">IT\ICCU\CNCA\000155</subfield>
  </datafield>
  <datafield tag="702" ind1=" " ind2="1">
    <subfield code="a">Poliziano,</subfield>
    <subfield code="b">Angelo</subfield>
    <subfield code="3">IT\ICCU\CNCA\000329</subfield>
  </datafield>
  <datafield tag="702" ind1=" " ind2="1">
    <subfield code="a">Mancinelli,</subfield>
    <subfield code="b">Antonio</subfield>
    <subfield code="3">IT\ICCU\CNCA\001005</subfield>
  </datafield>
  <datafield tag="702" ind1=" " ind2="1">
    <subfield code="a">Sabellico,</subfield>
    <subfield code="b">Marco Antonio</subfield>
    <subfield code="3">IT\ICCU\CNCA\001155</subfield>
  </datafield>
  <datafield tag="702" ind1=" " ind2="1">
    <subfield code="a">Bade,</subfield>
    <subfield code="b">Josse</subfield>
    <subfield code="3">IT\ICCU\CNCA\001185</subfield>
  </datafield>
  <datafield tag="712" ind1="0" ind2="0">
    <subfield code="a">Ravani, Pietro - eredi &amp; C.</subfield>
    <subfield code="3">IT\ICCU\CNCT\002927</subfield>
    <subfield code="4">650</subfield>
  </datafield>
  <datafield tag="790" ind1=" " ind2="1">
    <subfield code="a">Orazio Flacco,</subfield>
    <subfield code="b">Quinto</subfield>
    <subfield code="3">IT\ICCU\CNCA\014413</subfield>
    <subfield code="z">Horatius Flaccus, Quintus</subfield>
  </datafield>
  <datafield tag="790" ind1=" " ind2="1">
    <subfield code="a">Parisio,</subfield>
    <subfield code="b">Giovan Paolo</subfield>
    <subfield code="3">IT\ICCU\CNCA\009807</subfield>
    <subfield code="z">Parrasio, Aulo Giano</subfield>
  </datafield>
  <datafield tag="790" ind1=" " ind2="1">
    <subfield code="a">Parrhasius,</subfield>
    <subfield code="b">Aulus Ianus</subfield>
    <subfield code="3">IT\ICCU\CNCA\009808</subfield>
    <subfield code="z">Parrasio, Aulo Giano</subfield>
  </datafield>
  <datafield tag="790" ind1=" " ind2="1">
    <subfield code="a">Riccio,</subfield>
    <subfield code="b">Pietro</subfield>
    <subfield code="3">IT\ICCU\CNCA\013853</subfield>
    <subfield code="z">Crinito, Pietro</subfield>
  </datafield>
  <datafield tag="790" ind1=" " ind2="1">
    <subfield code="a">Del_Riccio Baldi,</subfield>
    <subfield code="b">Pietro</subfield>
    <subfield code="3">IT\ICCU\CNCA\013854</subfield>
    <subfield code="z">Crinito, Pietro</subfield>
  </datafield>
  <datafield tag="790" ind1=" " ind2="1">
    <subfield code="a">Crinitus,</subfield>
    <subfield code="b">Petrus</subfield>
    <subfield code="3">IT\ICCU\CNCA\013856</subfield>
    <subfield code="z">Crinito, Pietro</subfield>
  </datafield>
  <datafield tag="790" ind1=" " ind2="0">
    <subfield code="a">Petrus</subfield>
    <subfield code="c"> : Crinitus</subfield>
    <subfield code="3">IT\ICCU\CNCA\014796</subfield>
    <subfield code="z">Crinito, Pietro</subfield>
  </datafield>
  <datafield tag="790" ind1=" " ind2="1">
    <subfield code="a">Perottus,</subfield>
    <subfield code="b">Nicolaus</subfield>
    <subfield code="3">IT\ICCU\CNCA\009820</subfield>
    <subfield code="z"></subfield>
  </datafield>
  <datafield tag="790" ind1=" " ind2="1">
    <subfield code="a">Perotti,</subfield>
    <subfield code="b"></subfield>
    <subfield code="3">IT\ICCU\CNCA\017178</subfield>
    <subfield code="z"></subfield>
  </datafield>
  <datafield tag="790" ind1=" " ind2="0">
    <subfield code="a">Sypontinus</subfield>
    <subfield code="3">IT\ICCU\CNCA\017288</subfield>
    <subfield code="z"></subfield>
  </datafield>
  <datafield tag="790" ind1=" " ind2="1">
    <subfield code="a">Porfirione,</subfield>
    <subfield code="b">Pomponio</subfield>
    <subfield code="3">IT\ICCU\CNCA\022990</subfield>
    <subfield code="z">Porphyrio, Pomponius</subfield>
  </datafield>
  <datafield tag="790" ind1=" " ind2="0">
    <subfield code="a">Porfirius</subfield>
    <subfield code="3">IT\ICCU\CNCA\022991</subfield>
    <subfield code="z">Porphyrio, Pomponius</subfield>
  </datafield>
  <datafield tag="790" ind1=" " ind2="1">
    <subfield code="a">Pomponius,</subfield>
    <subfield code="b">Porphyrio</subfield>
    <subfield code="3">IT\ICCU\CNCA\022992</subfield>
    <subfield code="z">Porphyrio, Pomponius</subfield>
  </datafield>
  <datafield tag="790" ind1=" " ind2="1">
    <subfield code="a">Porphyrion,</subfield>
    <subfield code="b">Pomponius</subfield>
    <subfield code="3">IT\ICCU\CNCA\022993</subfield>
    <subfield code="z">Porphyrio, Pomponius</subfield>
  </datafield>
  <datafield tag="790" ind1=" " ind2="1">
    <subfield code="a">Acro,</subfield>
    <subfield code="b">Helenius</subfield>
    <subfield code="3">IT\ICCU\CNCA\027229</subfield>
    <subfield code="z">Acron, Helenius</subfield>
  </datafield>
  <datafield tag="790" ind1=" " ind2="0">
    <subfield code="a">Helenius Acro</subfield>
    <subfield code="3">IT\ICCU\CNCA\027313</subfield>
    <subfield code="z">Acron, Helenius</subfield>
  </datafield>
  <datafield tag="790" ind1=" " ind2="1">
    <subfield code="a">Caelius,</subfield>
    <subfield code="b">Lodovicus</subfield>
    <subfield code="3">IT\ICCU\CNCA\010503</subfield>
    <subfield code="z">Ricchieri, Lodovico</subfield>
  </datafield>
  <datafield tag="790" ind1=" " ind2="0">
    <subfield code="a">Caelius</subfield>
    <subfield code="c"> : Rhodiginus</subfield>
    <subfield code="3">IT\ICCU\CNCA\012956</subfield>
    <subfield code="z">Ricchieri, Lodovico</subfield>
  </datafield>
  <datafield tag="790" ind1=" " ind2="0">
    <subfield code="a">Celio</subfield>
    <subfield code="c"> : Rodigino</subfield>
    <subfield code="3">IT\ICCU\CNCA\013128</subfield>
    <subfield code="z">Ricchieri, Lodovico</subfield>
  </datafield>
  <datafield tag="790" ind1=" " ind2="1">
    <subfield code="a">Rhodiginus,</subfield>
    <subfield code="b">Ludovicus Coelius</subfield>
    <subfield code="3">IT\ICCU\CNCA\014908</subfield>
    <subfield code="z">Ricchieri, Lodovico</subfield>
  </datafield>
  <datafield tag="790" ind1=" " ind2="1">
    <subfield code="a">Apuleius,</subfield>
    <subfield code="b">Lucius Caecilius Minutianus</subfield>
    <subfield code="3">IT\ICCU\CNCA\023558</subfield>
    <subfield code="z">Ricchieri, Lodovico</subfield>
  </datafield>
  <datafield tag="790" ind1=" " ind2="1">
    <subfield code="a">Ricchieri,</subfield>
    <subfield code="b">Ludovico</subfield>
    <subfield code="3">IT\ICCU\CNCA\023559</subfield>
    <subfield code="z">Ricchieri, Lodovico</subfield>
  </datafield>
  <datafield tag="790" ind1=" " ind2="1">
    <subfield code="a">Geertszoom,</subfield>
    <subfield code="b">Erazm</subfield>
    <subfield code="3">IT\ICCU\CNCA\014087</subfield>
    <subfield code="z">Erasmus : Roterodamus</subfield>
  </datafield>
  <datafield tag="790" ind1=" " ind2="0">
    <subfield code="a">Erasmo</subfield>
    <subfield code="c"> : da#Rotterdam</subfield>
    <subfield code="3">IT\ICCU\CNCA\014177</subfield>
    <subfield code="z">Erasmus : Roterodamus</subfield>
  </datafield>
  <datafield tag="790" ind1=" " ind2="1">
    <subfield code="a">Erasmus,</subfield>
    <subfield code="b">Desiderius</subfield>
    <subfield code="3">IT\ICCU\CNCA\014178</subfield>
    <subfield code="z">Erasmus : Roterodamus</subfield>
  </datafield>
  <datafield tag="790" ind1=" " ind2="1">
    <subfield code="a">Geertsz,</subfield>
    <subfield code="b">Geert</subfield>
    <subfield code="3">IT\ICCU\CNCA\017421</subfield>
    <subfield code="z">Erasmus : Roterodamus</subfield>
  </datafield>
  <datafield tag="790" ind1=" " ind2="0">
    <subfield code="a">Erasmus Desiderius</subfield>
    <subfield code="c"> : Roterodamus</subfield>
    <subfield code="3">IT\ICCU\CNCA\018661</subfield>
    <subfield code="z">Erasmus : Roterodamus</subfield>
  </datafield>
  <datafield tag="790" ind1=" " ind2="0">
    <subfield code="a">Erasmus</subfield>
    <subfield code="3">IT\ICCU\CNCA\023311</subfield>
    <subfield code="z">Erasmus : Roterodamus</subfield>
  </datafield>
  <datafield tag="790" ind1=" " ind2="0">
    <subfield code="a">Desiderius Erasmus</subfield>
    <subfield code="c"> : Roterodamus</subfield>
    <subfield code="3">IT\ICCU\CNCA\023312</subfield>
    <subfield code="z">Erasmus : Roterodamus</subfield>
  </datafield>
  <datafield tag="790" ind1=" " ind2="0">
    <subfield code="a">Erasmo</subfield>
    <subfield code="c"> : da#Rotorodamo</subfield>
    <subfield code="3">IT\ICCU\CNCA\023313</subfield>
    <subfield code="z">Erasmus : Roterodamus</subfield>
  </datafield>
  <datafield tag="790" ind1=" " ind2="1">
    <subfield code="a">Ambrogini,</subfield>
    <subfield code="b">Angelo</subfield>
    <subfield code="3">IT\ICCU\CNCA\005379</subfield>
    <subfield code="z">Poliziano, Angelo</subfield>
  </datafield>
  <datafield tag="790" ind1=" " ind2="1">
    <subfield code="a">Politianus,</subfield>
    <subfield code="b">Angelus</subfield>
    <subfield code="3">IT\ICCU\CNCA\014886</subfield>
    <subfield code="z">Poliziano, Angelo</subfield>
  </datafield>
  <datafield tag="790" ind1=" " ind2="1">
    <subfield code="a">Policiano,</subfield>
    <subfield code="b">Angelo</subfield>
    <subfield code="3">IT\ICCU\CNCA\023052</subfield>
    <subfield code="z">Poliziano, Angelo</subfield>
  </datafield>
  <datafield tag="790" ind1=" " ind2="1">
    <subfield code="a">Mancinellus,</subfield>
    <subfield code="b">Antonius</subfield>
    <subfield code="3">IT\ICCU\CNCA\019612</subfield>
    <subfield code="z">Mancinelli, Antonio</subfield>
  </datafield>
  <datafield tag="790" ind1=" " ind2="1">
    <subfield code="a">Coccio,</subfield>
    <subfield code="b">Marcantonio</subfield>
    <subfield code="3">IT\ICCU\CNCA\008260</subfield>
    <subfield code="z">Sabellico, Marco Antonio</subfield>
  </datafield>
  <datafield tag="790" ind1=" " ind2="1">
    <subfield code="a">Sabellicus,</subfield>
    <subfield code="b">Marcus Antonius</subfield>
    <subfield code="3">IT\ICCU\CNCA\024070</subfield>
    <subfield code="z">Sabellico, Marco Antonio</subfield>
  </datafield>
  <datafield tag="790" ind1=" " ind2="0">
    <subfield code="a">Badius Ascensius Jodocus</subfield>
    <subfield code="3">IT\ICCU\CNCA\003294</subfield>
    <subfield code="z">Bade, Josse</subfield>
  </datafield>
  <datafield tag="790" ind1=" " ind2="0">
    <subfield code="a">Ascensius</subfield>
    <subfield code="3">IT\ICCU\CNCA\026332</subfield>
    <subfield code="z">Bade, Josse</subfield>
  </datafield>
  <datafield tag="801" ind1=" " ind2="3">
    <subfield code="a">IT</subfield>
    <subfield code="b">ICCU</subfield>
    <subfield code="c">20201114</subfield>
  </datafield>
  <datafield tag="899" ind1=" " ind2=" ">
    <subfield code="a">Biblioteca civica A. Mai. Bergamo</subfield>
    <subfield code="1">BG0026</subfield>
    <subfield code="2">LO1 02</subfield>
  </datafield>
  <datafield tag="899" ind1=" " ind2=" ">
    <subfield code="a">Biblioteca del Seminario vescovile. Feltre</subfield>
    <subfield code="z">MUTILO</subfield>
    <subfield code="1">BL0026</subfield>
    <subfield code="2">ZBL 04</subfield>
  </datafield>
  <datafield tag="899" ind1=" " ind2=" ">
    <subfield code="a">Biblioteca provinciale dei Frati minori dell&apos;Emilia. Sezione Biblioteca dell&apos;Osservanza. Bologna</subfield>
    <subfield code="1">BO0336</subfield>
    <subfield code="2">ZBO 41</subfield>
  </datafield>
  <datafield tag="899" ind1=" " ind2=" ">
    <subfield code="a">Biblioteca civica di Mondov. Mondov</subfield>
    <subfield code="1">CN0065</subfield>
    <subfield code="2">TO0 55</subfield>
  </datafield>
  <datafield tag="899" ind1=" " ind2=" ">
    <subfield code="a">Biblioteca comunale. Como</subfield>
    <subfield code="1">CO0059</subfield>
    <subfield code="2">ZCO 01</subfield>
  </datafield>
  <datafield tag="899" ind1=" " ind2=" ">
    <subfield code="a">Biblioteca del Seminario arcivescovile. Ferrara</subfield>
    <subfield code="1">FE0009</subfield>
    <subfield code="2">PBE L8</subfield>
  </datafield>
  <datafield tag="899" ind1=" " ind2=" ">
    <subfield code="a">Biblioteca comunale Renato Fucini. Empoli</subfield>
    <subfield code="1">FI0013</subfield>
    <subfield code="2">RT1 MA</subfield>
  </datafield>
  <datafield tag="899" ind1=" " ind2=" ">
    <subfield code="a">Biblioteca dell&apos;Accademia della Crusca. Firenze</subfield>
    <subfield code="1">FI0054</subfield>
    <subfield code="2">UFI AC</subfield>
  </datafield>
  <datafield tag="899" ind1=" " ind2=" ">
    <subfield code="a">Biblioteca Marucelliana. Firenze</subfield>
    <subfield code="1">FI0101</subfield>
    <subfield code="2">CFI MF</subfield>
  </datafield>
  <datafield tag="899" ind1=" " ind2=" ">
    <subfield code="a">Biblioteca Giovardiana. Veroli</subfield>
    <subfield code="1">FR0072</subfield>
    <subfield code="2">RMS G1</subfield>
  </datafield>
  <datafield tag="899" ind1=" " ind2=" ">
    <subfield code="a">Biblioteca comunale Teresiana. Mantova</subfield>
    <subfield code="1">MN0035</subfield>
    <subfield code="2">LO1 12</subfield>
  </datafield>
  <datafield tag="899" ind1=" " ind2=" ">
    <subfield code="a">Biblioteca del Seminario metropolitano L. A. Muratori. Modena</subfield>
    <subfield code="z">MUTILO</subfield>
    <subfield code="1">MO0054</subfield>
    <subfield code="2">PBE 09</subfield>
  </datafield>
  <datafield tag="899" ind1=" " ind2=" ">
    <subfield code="a">Biblioteca Estense Universitaria. Modena</subfield>
    <subfield code="1">MO0089</subfield>
    <subfield code="2">MOD BE</subfield>
  </datafield>
  <datafield tag="899" ind1=" " ind2=" ">
    <subfield code="a">Biblioteca abbaziale. Nonantola</subfield>
    <subfield code="1">MO0096</subfield>
    <subfield code="2">PBE 35</subfield>
  </datafield>
  <datafield tag="899" ind1=" " ind2=" ">
    <subfield code="a">Biblioteca del Convento di S. Antonio. Afragola</subfield>
    <subfield code="1">NA0001</subfield>
    <subfield code="2">NAP 72</subfield>
  </datafield>
  <datafield tag="899" ind1=" " ind2=" ">
    <subfield code="a">Biblioteca civica. Galliate</subfield>
    <subfield code="1">NO0033</subfield>
    <subfield code="2">TO1 NG</subfield>
  </datafield>
  <datafield tag="899" ind1=" " ind2=" ">
    <subfield code="a">Biblioteca del Seminario teologico filosofico di S. Gaudenzio. Novara</subfield>
    <subfield code="1">NO0064</subfield>
    <subfield code="2">TO0 Y5</subfield>
  </datafield>
  <datafield tag="899" ind1=" " ind2=" ">
    <subfield code="a">Biblioteca civica. Padova</subfield>
    <subfield code="1">PD0090</subfield>
    <subfield code="2">PUV 55</subfield>
  </datafield>
  <datafield tag="899" ind1=" " ind2=" ">
    <subfield code="a">Biblioteca comunale Forteguerriana. Pistoia</subfield>
    <subfield code="z">MUTILO</subfield>
    <subfield code="1">PT0025</subfield>
    <subfield code="2">RT1 IE</subfield>
  </datafield>
  <datafield tag="899" ind1=" " ind2=" ">
    <subfield code="a">Biblioteca comunale Ugo Nomi Venerosi-Pesciolini. San Gimignano</subfield>
    <subfield code="1">SI0037</subfield>
    <subfield code="2">RT1 PN</subfield>
  </datafield>
  <datafield tag="899" ind1=" " ind2=" ">
    <subfield code="a">Biblioteca comunale degli Intronati. Siena</subfield>
    <subfield code="1">SI0046</subfield>
    <subfield code="2">RT1 QI</subfield>
  </datafield>
  <datafield tag="899" ind1=" " ind2=" ">
    <subfield code="a">Biblioteca Alagoniana. Siracusa</subfield>
    <subfield code="z">MUTILO</subfield>
    <subfield code="1">SR0052</subfield>
    <subfield code="2">SBS AL</subfield>
  </datafield>
  <datafield tag="899" ind1=" " ind2=" ">
    <subfield code="a">Biblioteca comunale. Trento</subfield>
    <subfield code="1">TN0121</subfield>
    <subfield code="2">ZTN 01</subfield>
  </datafield>
  <datafield tag="899" ind1=" " ind2=" ">
    <subfield code="a">Biblioteca nazionale Marciana. Venezia</subfield>
    <subfield code="1">VE0049</subfield>
    <subfield code="2">VEA BM</subfield>
  </datafield>
  <datafield tag="899" ind1=" " ind2=" ">
    <subfield code="a">Biblioteca della Fondazione San Servolo IRSESC. Mestre</subfield>
    <subfield code="1">VE0266</subfield>
    <subfield code="2">ZVE 27</subfield>
  </datafield>
  <datafield tag="899" ind1=" " ind2=" ">
    <subfield code="a">Biblioteca civica Bertoliana. Vicenza</subfield>
    <subfield code="1">VI0096</subfield>
    <subfield code="2">VIA BE</subfield>
  </datafield>
  <datafield tag="899" ind1=" " ind2=" ">
    <subfield code="a">Biblioteca calabrese. Soriano Calabro</subfield>
    <subfield code="1">VV0053</subfield>
    <subfield code="2">RCA CS</subfield>
  </datafield>
  <datafield tag="911" ind1=" " ind2=" ">
    <subfield code="a">sul front.</subfield>
    <subfield code="9">IT\ICCU\CNCM\001435</subfield>
  </datafield>
  <datafield tag="921" ind1=" " ind2=" ">
    <subfield code="a">IT\ICCU\CNCM\001435</subfield>
    <subfield code="b">Sirena coronata, bicaudata, che tiene le due code alzate con le mani (la destra in alto, la sinistra in basso).</subfield>
    <subfield code="c">U376</subfield>
    <subfield code="d">Dimensioni: 5,5 x 6. Con o senza iscrizione</subfield>
    <subfield code="f">SIRENA</subfield>
    <subfield code="g">1538-1566</subfield>
  </datafield>
</record>
</collection>
